


@Book{Cyganek,
 author = {Boguslaw Cyganek and J. Paul Siebert.},
 title = {An Introduction to 3D Computer Vision Techniques and Algorithms},
 year = {2009},
 isbn = {978-0-470-01704-3},
 publisher = {John Wiley \& Sons, Ltd.}
} 

@Book{ToFbook,
author = {Miles Hansard and Seungkyu Lee and Ouk Choi and Radu Horaud},
title = {Time of Flight Cameras: Principles, Methods, and Applications},
series = {SpringerBriefs in Computer Science},
publisher = {Springer},
year = 2013
}

@Article{sensors,
AUTHOR = {Sansoni, Giovanna and Trebeschi, Marco and Docchio, Franco},
TITLE = {State-of-The-Art and Applications of 3D Imaging Sensors in Industry, Cultural Heritage, Medicine, and Criminal Investigation},
JOURNAL = {Sensors},
VOLUME = {9},
YEAR = {2009},
NUMBER = {1},
PAGES = {568--601},
URL = {http://www.mdpi.com/1424-8220/9/1/568},
PubMedID = {22389618},
ISSN = {1424-8220},
DOI = {10.3390/s90100568}
}


@article{slcodes,
title = "Pattern codification strategies in structured light systems ",
journal = "Pattern Recognition ",
volume = "37",
number = "4",
pages = "827 - 849",
year = "2004",
issn = "0031-3203",
doi = "http://dx.doi.org/10.1016/j.patcog.2003.10.002",
url = "http://www.sciencedirect.com/science/article/pii/S0031320303003303",
author = "Joaquim Salvi and Jordi Pagès and Joan Batlle",
keywords = "Coded patterns",
keywords = "Structured light",
keywords = "3D measuring devices",
keywords = "Active stereo",
keywords = "Computer vision "
}

@Book{borenstein2012making,
  title={Making Things See: 3D Vision with Kinect, Processing, Arduino, and MakerBot},
  author={Borenstein, G.},
  isbn={9781449307073},
  lccn={2012360966},
  url={http://books.google.pl/books?id=G8Ua-YTU4CoC},
  year={2012},
  publisher={O'Reilly Media, Incorporated}
}

@article{AldomaMTWPZRGV12,
  author = {Aldoma, Aitor and Marton, Zoltan-Csaba and Tombari, Federico and Wohlkinger, Walter and Potthast, Christian and Zeisl, Bernhard and Rusu, Radu Bogdan and Gedikli, Suat and Vincze, Markus},
  journal = {IEEE Robot. Automat. Mag.},
  number = 3,
  pages = {80-91},
  title = {{Tutorial: Point Cloud Library: Three-Dimensional Object Recognition and 6 DOF Pose Estimation.}},
  volume = 19,
  year = 2012
}

@InProceedings{Rusu_ICRA2011_PCL,
  author    = {Radu Bogdan Rusu and Steve Cousins},
  title     = {{3D is here: Point Cloud Library (PCL)}},
  booktitle = {{IEEE International Conference on Robotics and Automation (ICRA)}},
  month     = {May 9-13},
  year      = {2011},
  address   = {Shanghai, China}
}


@INPROCEEDINGS{Rusu09fastpoint,
    author = {Radu Bogdan Rusu and Nico Blodow and Michael Beetz},
    title = {Fast Point Feature Histograms (FPFH) for 3D Registration},
    booktitle = {{IEEE International Conference on Robotics and Automation (ICRA)}},
    year = {2009}
}


@TechReport{titof,
author = {Li, L.},
title = {Time-of-Flight Camera – An Introduction},
institution = {Texas Instruments},
month = {January},
year = {2014},
number = {SLOA190B}
}

@ARTICLE{ransacbase,
  AUTHOR={Fischler, Martin A. and Bolles, Robert C.},
  TITLE={Random Sample Consensus: A Paradigm for Model Fitting with Applications
     to Image Analysis and Automated Cartography},
  JOURNAL={Communications of the ACM},
  PAGES={381-395},
  NUMBER={6},
  VOLUME={24},
  YEAR={1981}
}
@TechReport{ransacdummies,
    author = {Zuliani, Marco},
    institution = {UCSB},
    keywords = {ransac},
    organization = {Vision Research Lab},
    title = {{RANSAC for Dummies}},
    year = {2012}
}

@article{aimm,
author = {Hvilshøj, Mads and Bøgh, Simon and Skov Nielsen, Oluf and Madsen, Ole},
title = {{Autonomous industrial mobile manipulation (AIMM): past, present and future}},
journal = {Industrial Robot: An International Journal},
volume = {39},
number = {2},
pages = {120-135},
year = {2012},
}
@InProceedings{hipoveri,
	title = {{CAD-Model Recognition and 6 DOF Pose Estimation}},
	booktitle = {ICCV 2011, 3D Representation and Recognition (3dRR11)},
	year = {2011},
	month = {11/2011},
	address = {Barcelona, Spain},
	keywords = {perception},
	url = {http://www.eecs.umich.edu/vision/3dRR11/3dRR11.html},
	author = {Aitor Aldoma and Nico Blodow and David Gossow and Suat Gedikli and Radu Rusu and Markus Vincze and Gary Bradski}
}

@InProceedings{ransacsurvey,
author = {Sunglok Choi, Taemin Kim and Wonpil Yu},
title = {{Performance Evaluation of RANSAC Family}},
booktitle = {In Proceedings of the British Machine Vision Conference (BMVC)},
year = {2009},
url=http://www.bmva.org/bmvc/2009/Papers/Paper355/Paper355.pdf
}

@InProceedings{descriptorssummary,
author = "Alexandre, Lu\'{i}s A.",
title = "{3D} Descriptors for Object and Category Recognition: a Comparative Evaluation",
booktitle = "Workshop on Color-Depth Camera Fusion in Robotics at the IEEE/RSJ International Conference on Intelligent Robots and Systems (IROS)",
address = "Vilamoura, Portugal",
month = "October",
year = "2012"
}

@InProceedings{rusufpfg,
	title = {{Fast Point Feature Histograms (FPFH) for 3D Registration}},
	booktitle = {The IEEE International Conference on Robotics and Automation (ICRA)},
	year = {2009},
	month = {05/2009},
	address = {Kobe, Japan},
	url = {http://files.rbrusu.com/publications/Rusu09ICRA.pdf},
	author = {Radu Bogdan Rusu and Nico Blodow and Michael Beetz}
}

@phdthesis{rusuthesis,
  author = {Rusu, Radu Bogdan},
  title =  {{Semantic 3D Object Maps for Everyday Manipulation in Human Living Environments}},
  school = {Technische Universit\"at M\"unchen},
  year =   {2009},
  bib2html_pubtype  = {PhD Thesis}
}


@misc{extremetech,
  howpublished = {\url{http://www.extremetech.com/}}
}

@misc{wikipedia,
  howpublished = {\url{http://en.wikipedia.org/}}
}

@misc{pololu,
  howpublished = {\url{https://www.pololu.com/product/1444}}
}

@misc{turnigy,
  howpublished = {\url{http://www.hobbyking.com/}}
}

@misc{rover5,
  howpublished = {\url{https://www.sparkfun.com/products/11593}}
}

@misc{pca9685,
  howpublished = {\url{http://www.nxp.com/}}
}

@misc{nvidia,
  howpublished = {\url{https://developer.nvidia.com/}}
}

@misc{webiopi,
  howpublished = {\url{https://code.google.com/p/webiopi/}}
}


@misc{ensenso,
  howpublished = {\url{http://www.ensenso.de/}}
}


@misc{nistereo,
  howpublished = {\url{http://www.ni.com/}}
}

@misc{ASUS,
  howpublished = {\url{http://www.asus.com/}}
}

@misc{prspecs,
  howpublished = {\url{https://www.willowgarage.com/}}
}

@misc{amazonchallenge,
  howpublished = {\url{http://amazonpickingchallenge.org/}}
}
@misc{pcl,
  howpublished = {\url{http://pointclouds.org/}}
}

@misc{openmp,
  howpublished = {\url{http://openmp.org/wp/}}
}

@misc{flann,
  howpublished = {\url{http://www.cs.ubc.ca/research/flann/}}
}

@misc{netlib,
  howpublished = {\url{http://cpp-netlib.org/}}
}

@misc{aunav,
  howpublished = {\url{http://www.proytecsa.net/}}
}
